<record><leader>00000cas a22000007a 4500</leader><controlfield tag="001">33224869</controlfield><controlfield tag="008">950929d19201964okuwr n       0    0eng d</controlfield><datafield ind1=" " ind2=" " tag="010"><subfield code="a">sn 95076172 </subfield></datafield><datafield ind1=" " ind2=" " tag="040"><subfield code="a">OBN</subfield><subfield code="b">eng</subfield><subfield code="c">OBN</subfield><subfield code="d">OCLCQ</subfield><subfield code="d">OCLCO</subfield></datafield><datafield ind1="1" ind2=" " tag="029"><subfield code="a">AU@</subfield><subfield code="b">000025855565</subfield></datafield><datafield ind1=" " ind2=" " tag="042"><subfield code="a">msc</subfield></datafield><datafield ind1=" " ind2=" " tag="043"><subfield code="a">n-us-ok</subfield></datafield><datafield ind1="0" ind2=" " tag="130"><subfield code="a">Meeker herald (Meeker, Okla. : 1920)</subfield></datafield><datafield ind1="1" ind2="0" tag="245"><subfield code="a">Meeker herald.</subfield></datafield><datafield ind1=" " ind2=" " tag="260"><subfield code="a">Meeker, Okla. :</subfield><subfield code="b">Charles Wolf</subfield></datafield><datafield ind1=" " ind2=" " tag="300"><subfield code="a">v.</subfield></datafield><datafield ind1=" " ind2=" " tag="310"><subfield code="a">Weekly</subfield></datafield><datafield ind1="0" ind2=" " tag="362"><subfield code="a">-v. 41, no. 50 (June 18, 1964).</subfield></datafield><datafield ind1="1" ind2=" " tag="362"><subfield code="a">Began July 6, 1920.</subfield></datafield><datafield ind1=" " ind2=" " tag="588"><subfield code="a">Description based on: Vol. 20, no. 7 (Mar. 16, 1939).</subfield></datafield><datafield ind1=" " ind2="0" tag="651"><subfield code="a">Meeker (Okla.)</subfield><subfield code="v">Newspapers.</subfield></datafield><datafield ind1=" " ind2="0" tag="651"><subfield code="a">Lincoln County (Okla.)</subfield><subfield code="v">Newspapers.</subfield></datafield><datafield ind1=" " ind2=" " tag="752"><subfield code="a">United States</subfield><subfield code="b">Oklahoma</subfield><subfield code="c">Lincoln</subfield><subfield code="d">Meeker.</subfield></datafield><datafield ind1="0" ind2="0" tag="780"><subfield code="t">Lincoln County herald (Meeker, Okla.)</subfield><subfield code="w">(DLC)sn 95076162</subfield><subfield code="w">(OCoLC)33206091</subfield></datafield><datafield ind1="0" ind2="0" tag="785"><subfield code="t">Meeker, Oklahoma herald</subfield><subfield code="w">(DLC)sn 95076173</subfield><subfield code="w">(OCoLC)33225034</subfield></datafield></record>